@inproceedings{wang06,  
 author = {Feng Wang and others},
 title = {A Measurement Study on the impact of Routing Events on End-to-End Internet Path Performance},
 series = {SIGCOMM '06},
 year = {2006},
 isbn = {1-58113-223-9},
 location = {Pisa, Italy}
} 

@misc{SRM,  
 author = {Sally Floyd and others},
 title = {A Reliable Multicast Framework for Light-weight Session and Applicatoin Level Framing},
 booktitle = {to appear in IEEE/ACM transactions on Networking},
 year = {2000}
 
} 