@misc{Peterson,
author = {Peter A. H. Peterson,David Morgan},
title = {Student Introduction to DETER},
howpublished={\url{https://education.deterlab.net/DETERintro/DETERintro.html}}
}


@misc{DETER,
author = {},
title = {Creating Experiments on DETER},
howpublished={\url{https://trac.deterlab.net/wiki/Tutorial/CreatingExperiments}}
}


@misc{Intro,
author = {},
title = {Introduction to Multicast},
howpublished={\url{http://www.mathcs.emory.edu/~cheung/Courses/558/Syllabus/14-Multicast/intro.html}}
}


@misc{PGM,
author = {},
title = {Pragmatic General Multicast},
howpublished={\url{http://en.wikipedia.org/wiki/Pragmatic_General_Multicast}}
}


@misc{SRM,
author = {},
title = {Scalable Reliable Multicast},
howpublished={\url{http://en.wikipedia.org/wiki/Scalable_Reliable_Multicast}}
}

@inproceedings{Code,  
 author = {W. Richard Stevens, Bill Fenner, Andrew M. Rudoff},
 title = {Chapter on Multicast},
 booktitle = {UNIX Network Programming, Volume 1, Third Edition Source Code},
 year = {2004},
 isbn = {978-0131411555},
 location = {Stockholm, Sweden},
 pages = {Pg 487 - 572},
 numpages = {},
 url = {http://www.unpbook.com/src.html},
 doi = {10.1145/347059.347560},
 acmid = {347560},
 publisher = {Addison-Wesley Professional; 3 edition},
}


@misc{Gnuplot,
author = {},
title = {Gnuplot - command-line driven graphing utility},
howpublished={\url{http://www.gnuplot.info/}}
}


@misc{Ethtool,
author = {},
title = {Ethtool - standard Linux utility for controlling network drivers and hardware},
howpublished={\url{https://www.kernel.org/pub/software/network/ethtool/}}
}


@misc{Netstat,
author = {},
title = {Netstat - command line TCP/IP networking utility},
url = {http://www.freebsd.org/cgi/man.cgi?query=netstat&sektion=1}
}


@misc{Magi,
author = {},
	title = {Magi - Montage Agent Infrastructure},
	url = {http://montage.deterlab.net/montage/magi_tutorial.html}
}
